<?xml version="1.0" encoding="UTF-8"?><collection xmlns="http://www.loc.gov/MARC21/slim"><record><leader>00450nam--2200157-i-4500</leader><controlfield tag="001">000013814</controlfield><controlfield tag="002">20161230</controlfield><controlfield tag="005">20170118173529</controlfield><controlfield tag="008">060222s1000------------r-----000-0-eng-d</controlfield><datafield ind1=" " ind2=" " tag="080"><subfield code="a">550.34:624</subfield></datafield><datafield ind1=" " ind2=" " tag="100"><subfield code="a">Beles, Aurel A</subfield></datafield><datafield ind1=" " ind2=" " tag="245"><subfield code="a">Cutremurul si construcxtiile. Extras din buleti nul soc.politehnice, anul lv , nr.10</subfield></datafield><datafield ind1=" " ind2=" " tag="260"><subfield code="a">Bucuresti</subfield><subfield code="b">Imprimeria Nationala</subfield><subfield code="c">1941</subfield></datafield><datafield ind1=" " ind2=" " tag="300"><subfield code="a">1046-1211 p</subfield></datafield><datafield ind1=" " ind2=" " tag="852"><subfield code="a">47560</subfield></datafield><datafield ind1=" " ind2=" " tag="CAT"><subfield code="a">SYS</subfield><subfield code="c">20170118</subfield><subfield code="h">173529</subfield></datafield></record></collection>